4024 5070
189 369 262 416 esse
285 357 316 412 et
336 348 399 411 ium
420 345 452 430 in
475 343 609 436 Georgia
632 344 855 441 Aristophanis
879 347 961 413 illius
978 365 1095 413 nomen
1118 347 1257 411 extitisse
1279 347 1401 422 dicitur,
1416 348 1616 412 Hermannus
1639 345 1805 432 probarit,
1867 353 1870 358 '

184 467 343 574 ‘tragicum
365 464 454 527 illurn
476 471 604 546 poetam
628 484 691 538 non
714 465 812 528 luisse
835 466 974 538 Socratis
999 465 1225 528 accusatorem.
1269 465 1327 528 llle
1349 466 1443 547 igitur
1464 467 1598 534 Meletos
1629 466 1805 532 Alcibiadis

189 587 222 654 in
245 584 404 670 mysteriis
426 581 611 663 evulgandis
633 582 763 660 sodalis,
787 591 911 656 amator
934 583 1054 646 Calliae
1076 584 1280 666 eiusdemque
1303 583 1440 666 impulsu
1468 584 1640 648 Andocidis
1669 603 1807 648 accusa·-

191 714 252 779 tor‚
282 700 335 786 qui
355 700 471 800 adOl.
493 699 544 764 at.
566 702 666 763 vitam
699 701 859 784 produxit,
889 709 980 784 pater
1010 702 1107 766 luisse
1139 703 1264 768 videtur
1292 703 1399 768 ltleleti
1427 703 1590 767 Socratem
1614 703 1805 777 accusantis.

190 841 289 905 quem
310 819 408 903 paulo
431 825 505 902 post
527 818 577 882 Ol.
599 818 640 883 95
663 817 861 893 interiectum
885 838 956 890 esse
978 821 1157 903 negandum
1180 841 1244 884 uon
1267 828 1331 900 est;
1352 828 1528 902 arguteque
1559 823 1657 904 patris
1689 830 1804 902 poetae

103 991 104 996 ,
152 993 153 996 ,
193 959 289 1006 causa
317 937 467 1003 Meletum
496 937 580 1000 male
608 937 791 1032 habitorum
824 947 991 1020 poetarum
1019 957 1040 1001 a
1068 940 1196 1006 Socrate
1232 958 1354 1021 poenas
1389 947 1536 1021 repetere
1569 940 1631 1004 dici
1660 941 1803 1022 potuisse

193 1059 285 1137 (Plat.
304 1057 388 1140 apol.
411 1079 444 1140 p.
464 1057 515 1120 23.
538 1056 573 1118 Ε.
596 1055 687 1138 Diog.
710 1057 743 1118 L.
767 1056 805 1130 ll,
829 1058 884 1136 38)
908 1058 1108 1146 Hermanuus
1130 1057 1252 1136 statuit3
1278 1057 1337 1120 sed
1366 1058 1507 1139 quanvis
1538 1057 1697 1122 etlilium
1727 1077 1805 1120 ver·-

193 1197 247 1240 sus
269 1175 384 1240 fecisse
407 1175 574 1250 concedas,
596 1180 702 1238 tamen
724 1173 880 1256 pleraque
911 1187 993 1256 quae
1022 1174 1063 1238 de
1092 1181 1187 1256 poeta
1220 1174 1386 1262 traduntur
1412 1175 1455 1236 ad
1483 1181 1608 1256 patrem
1636 1174 1805 1242 referente

194 1302 267 1358 sunt
288 1313 424 1376 eumque
446 1293 557 1371 scolia,
579 1291 735 1356 amatoria
758 1293 908 1366 carmina,
931 1293 1028 1356 immo
1051 1292 1263 1374 Oedipodiam
1285 1291 1484 1373 tragoediam
1513 1292 1687 1354 coniecisse
1715 1293 1806 1354 veri-

193 1410 297 1477 simile
320 1419 377 1476 est.
418 1411 504 1475 luter
526 1409 663 1474 Socratis
688 1418 890 1484 accusatores
913 1410 1044 1474 Platone
1066 1417 1146 1475 teste
1168 1410 1287 1493 Anytus
1309 1411 1445 1492 primum
1467 1411 1572 1474 locoru
1594 1410 1715 1482 habuit,
1732 1393 1809 1473 ltess

193 1529 275 1596 letus
298 1547 399 1612 pauca
422 1528 501 1590 dixit
522 1528 769 1608 (et.ttermcnn.
791 1528 833 1590 de
855 1528 944 1598 Soer.
965 1535 1101 1592 accusat
1133 1548 1163 1609 p.
1186 1527 1206 1590 9
1235 1538 1307 1609 sq.);
1336 1547 1439 1609 neque
1471 1528 1644 1610 quidquam
1673 1526 1807 1594 iunioris

125 1679 128 1689 .
170 1647 283 1712 *istius
299 1646 405 1720 Meleti
426 1665 596 1730 superesse
617 1645 680 1708 ism
695 1645 923 1710 contenderim.
946 1645 1034 1709 idern
1058 1653 1161 1708 tamen
1176 1629 1325 1708 ldelatum
1340 1645 1497 1716 seniorem
1522 1665 1586 1708 non
1603 1645 1700 1712 modo
1722 1664 1809 1728 poe-

195 1773 271 1840 tam,
292 1764 350 1828 sed
373 1765 468 1828 etiam
490 1771 650 1828 oratorem
673 1763 772 1826 luisse
795 1763 973 1826 etiamnunc
1002 1771 1107 1828 teneo.
1150 1763 1264 1846 Lysiae
1294 1763 1377 1824 enirn
1407 1763 1510 1825 oratio
1540 1762 1697 1845 sexta-i),¹
1714 1773 1810 1844 post-

198 1902 293 1966 quam
314 1883 437 1946 Frenzii
458 1881 613 1946 sententia
635 1881 679 1944 ita
702 1881 836 1963 explosa
860 1888 916 1955 est,
939 1889 973 1943 ut
996 1881 1161 1944 Scheihius
1184 1881 1362 1952 orationem
1383 1872 1451 1948 κατ’
1465 1871 1645 1948 Ἀνδοκίδου
1669 1877 1810 1963 ἀσεβείας

198 2019 218 2064 a
239 2001 335 2084 Lysia
357 2001 508 2084 scriptum
527 2021 595 2065 non
618 2018 689 2062 esse
710 1999 792 2062 inter
814 2019 925 2072 omues
948 1998 1045 2063 hodie
1058 2005 1211 2062 constare
1233 1997 1431 2080 profiteatur,
1453 1997 1523 2060 aliis
1548 2017 1567 2060 a
1589 1999 1721 2062 rhetore
1743 2017 1810 2080 po·

198 2118 341 2182 nterioris
363 2109 486 2193 'aetatis
514 2118 649 2181 tortasse
673 2135 692 2180 a
713 2117 876 2179 Demetrio
899 2116 1055 2180 Phalereo
1078 2116 1223 2183 conlecta
1245 2133 1316 2188 esse
1338 2115 1471 2178 videtur.
1507 2115 1569 2180 Sed
1592 2116 1812 2195 Demetrii††)‚

111 2289 114 2299 .
199 2243 233 2300 ut
254 2237 298 2303 alt
319 2234 430 2312 Cicero
451 2238 549 2311 (orat.
565 2233 593 2319 §0
609 2235 676 2313 92),
699 2235 802 2297 oratio
826 2236 899 2298 eum
927 2235 1036 2305 sedate
1064 2235 1253 2318 placideque
1274 2233 1424 2314 loquitur,
1458 2240 1522 2297 tum
1555 2233 1711 2296 illustrant
1739 2251 1809 2296 earn

200 2354 289 2436 quasi
313 2353 425 2417 stellae
448 2352 607 2435 quaedam
628 2351 865 2416 tralatavverba
888 2359 983 2433 atque
1004 2353 1177 2444 immutata,
1209 2358 1240 2414 et
1269 2345 1460 2432 quamquam
1489 2351 1616 2415 tralatio
1648 2359 1697 2414 est
1724 2351 1811 2433 apud

171 2459 175 2468 '
201 2490 273 2534 eum
295 2471 403 2545 multa,
425 2475 532 2542 tamen
553 2469 787 2532 immutationes
802 2489 960 2552 nusquam
976 2469 1165 2535 crebriores.
1207 2469 1275 2532 lam
1296 2489 1374 2532 vero
1395 2451 1553 2533 innostra
1575 2469 1722 2535 oratione
1744 2469 1810 2535 eius

140 2577 146 2587 Χ
202 2587 328 2671 generis
351 2587 429 2651 uibil
450 2577 610 2672 reperies3
633 2587 687 2651 vix
702 2607 741 2650 eo
762 2587 923 2670 pertinere
948 2587 1073 2652 videtur
1095 2587 1181 2669 quod
1204 2593 1315 2650 orator
1336 2587 1414 2650 dixit
1433 2591 1465 2663 ii.
1486 2588 1543 2655 25:
1565 2584 1598 2660 ἐξ
1619 2584 1694 2652 ὅσου
1713 2583 1812 2669 ’1117)-

198 2728 246 2773 unt
268 2701 442 2790 ἀείμνηστοί
461 2701 543 2789 εἰσιν,
565 2711 599 2770 et
620 2705 739 2788 optime
762 2706 940 2771 emendavit
962 2704 990 2790 ᾗ.
1013 2707 1063 2774 29,
1086 2705 1255 2776 lectionem
1278 2704 1433 2768 librorum
1455 2703 1669 2778 καταπλεύσας
1691 2699 1814 2788 εἰσδη·

199 2820 365 2910 μσκρατίσν
386 2817 428 2896 εἷς
449 2821 502 2905 τὴν
523 2822 635 2928 aaroni
652 2821 739 2896 πόλιν
756 2823 924 2898 8σ1ισ111ιισ
946 2824 978 2886 iu
1000 2819 1049 2890 ent
1071 2821 1276 2907 capocrate<
1298 2818 1341 2897 εἷς
1361 2821 1415 2906 τὴν
1432 2820 1524 2888 αὑτοῦ
1545 2819 1635 2890 πόλιν.
1653 2829 1749 2902 atque
1769 2821 1814 2882 ita

198 2939 370 3023 legendum
392 2959 463 3007 esse
484 2939 660 3012 luculenter
681 2940 834 3022 probavit
853 2940 885 3004 iu
907 2940 991 3005 lectt.
1006 2938 1129 3024 Lysian.
1152 2937 1268 3020 (1856)
1290 2961 1321 3022 p.
1342 2939 1416 3006 307.
1446 2940 1525 3004 Tura
1550 2939 1677 3020 quidem
1701 2937 1812 3002 Cicero

162 3120 164 3131 ⁴
200 3057 242 3118 de
265 3056 409 3120 oratione
431 3041 601 3122 Demetrii:
622 3057 657 3118 In
672 3033 758 3119 idem
781 3077 889 3139 genus,
912 3057 1024 3142 inquit,
1045 3057 1200 3123 arationis
1222 3056 1394 3128 verborum
1417 3057 1533 3122 eadunt
1553 3057 1673 3122 braina
1694 3057 1813 3132 omnia,

199 3173 300 3238 multa
322 3175 418 3238 etiam
438 3174 675 3258 sententiarum,
704 3174 788 3238 latae
810 3175 1015 3258 eruditaeque
1037 3175 1265 3258 disputationes
1289 3175 1331 3238 ab
1351 3174 1467 3241 eodem
1486 3151 1684 3257 explicentur
1698 3182 1731 3237 et
1750 3173 1814 3238 loci

204 3311 388 3356 communes
411 3289 479 3356 siae
504 3292 707 3356 contentione
729 3291 891 3372 dieuntnr;
921 3313 939 3358 e
966 3292 1375 3376 sobolispbilosopborsm
1395 3291 1476 3378 tales
1497 3293 1566 3356 lere
1589 3293 1743 3370 evaduut3
1765 3299 1815 3354 est

202 3407 354 3492 quiddam
382 3409 477 3474 etiam
498 3409 621 3492 insigne
643 3416 674 3472 et
694 3409 811 3476 llorens
836 3411 989 3478 orationis
1011 3410 1128 3494 pictum
1151 3419 1182 3476 et
1203 3411 1378 3494 expolitum
1403 3427 1513 3493 genas,
1544 3411 1577 3475 iu
1606 3429 1670 3492 quo
1701 3427 1812 3474 omues

142 3551 146 3576 ι
201 3527 383 3604 verborum,
405 3545 516 3598 omnes
539 3528 948 3613 sententiarumilligeatur
966 3528 1107 3612 lepores.
1149 3529 1212 3594 Sed
1227 3529 1314 3598 locis,
1327 3529 1545 3596 communibus
1561 3528 1706 3610 quamvis
1729 3526 1812 3591 illins

203 3623 358 3708 orationis
380 3652 492 3710 auctor
513 3652 619 3712 utatur
633 3653 730 3728 atque
751 3645 792 3710 de
806 3665 880 3710 sera
902 3646 1037 3712 numinis
1058 3646 1196 3712 vindicta
1217 3646 1272 3712 bio
1290 3646 1356 3712 illio
1370 3646 1468 3712 multa
1483 3645 1630 3729 disputet
1651 3645 1722 3728 ipsa
1737 3643 1811 3736 qui-

203 3761 278 3826 dem
298 3761 382 3827 ratio
406 3782 470 3846 qua
485 3764 592 3843 utitur,
613 3783 679 3828 uon
702 3763 1002 3848 ephilosophorun
1021 3764 1150 3839 scholis,
1171 3763 1231 3828 sed
1252 3784 1294 3832 ex
1313 3761 1398 3835 vitae
1420 3764 1647 3830 consuetudine
1670 3763 1814 3846 prolecta

202 3886 267 3960 est;
288 3899 393 3962 acque
409 3881 581 3964 quidquam
604 3881 802 3966 expolitionis
818 3882 944 3966 generis
966 3875 1073 3965 neque
1094 3881 1277 3946 eruditionis
1299 3881 1418 3946 lumina
1439 3881 1505 3947 suis
1521 3881 1627 3949 verbis
1644 3880 1815 3966 adspersit

170 4006 174 4012 '
202 3989 403 4082 Quamquam
417 3998 597 4064 Demetrius
614 4000 843 4066 eruditissimus
859 4001 998 4066 omnium
1013 4006 1176 4066 oratorum
1199 4007 1231 4064 et
1244 3999 1449 4084 politissimus
1472 4000 1626 4095 (obbrut.
1648 4003 1677 4076 §a
1699 4003 1752 4066 31.
1772 3999 1814 4062 de

43 4163 45 4180 .
86 4117 90 4123 “
142 4167 146 4174 .
203 4122 284 4182 orat.
304 4115 345 4194 11,
365 4117 423 4196 23)
444 4115 605 4181 delectare
626 4118 726 4200 magis
746 4111 901 4204 populum
923 4135 1019 4203 quern
1039 4117 1238 4187 inflammare
1259 4118 1427 4192 ridebatur
1442 4125 1539 4200 atqua
1560 4118 1681 4201 primus
1695 4115 1815 4181 inflexit

43 4346 61 4438 p

203 4237 380 4300 orationem
402 4240 434 4300 et
451 4253 524 4300 eam
541 4234 675 4326 mollem
696 4243 902 4322 teneramque
922 4235 1061 4305 reddidit
1081 4237 1250 4313 eiramis,
1271 4236 1355 4305 sicut
1375 4235 1442 4312 tuit,
1464 4234 1564 4304 ritui
1586 4233 1697 4304 maluit
1719 4251 1814 4316 quam

260 4447 264 4453 .
305 4401 333 4470 τ)
351 4370 388 4458 cl.
404 4401 485 4456 etiam
502 4398 623 4472 Emperii
641 4397 718 4458 Obsr.
736 4417 762 4474 p.
780 4403 814 4459 11
831 4419 869 4476 sq.

304 4486 350 4553 π)
368 4483 403 4542 σ1.
420 4483 539 4558 Hernig.
557 4485 591 4542 de
607 4482 757 4546 Demetrio.
775 4485 895 4560 (ilinteln
913 4491 992 4560 1850)
1008 4503 1036 4562 p.
1053 4491 1068 4547 11
1087 4501 1145 4564 sqq.
