4024 5070
184 352 353 430 pretemur,
375 361 469 427 quem
489 348 633 426 apertum
655 347 703 402 est
725 354 885 405 murorum
908 355 927 405 a
950 339 1080 410 Conone
1102 317 1317 407 restitutorum
1347 340 1537 410 mamistram
1565 343 1663 425 apud·
1679 317 1787 428 Pulp-⁸

181 472 298 534 cratem
321 461 561 544 sibi,reperissc
582 459 704 522 viderit
728 461 806 532 Turn
829 459 949 522 frustra
968 477 1167 540 quaeramus,
1191 459 1266 539 quid
1288 459 1423 541 simplex
1452 479 1613 532 murorum
1636 443 1782 528 domme·

183 581 317 647 moratis
337 581 369 644 in
390 579 562 663 Polycratis
586 578 730 647 craticeo
751 577 812 649 sibi
832 576 991 648 -vpleerivt‘i
1011 631 1017 646 ,
1035 577 1234 650 Hermeunus
1256 585 1363 642 autam
1386 579 1583 662 Polycratem
1606 580 1792 666 orationem,

185 700 299 768 eodem
321 697 451 764 consilio
466 696 684 778 composuisse
706 694 864 776 opinatur,
888 713 951 776 que
974 698 1020 756 tot
1041 695 1128 764 annis
1152 701 1224 764 aute
1239 691 1468 777 Aristophanes
1483 697 1588 762 Nubes
1614 697 1646 762 iu
1668 697 1785 768 Seciae·

186 819 224 882 tis
246 817 395 882 invidiam
425 814 649 898 composuerit,
678 805 815 892 indeque
835 810 1008 892 explicari,
1037 812 1304 892 quemadmodum
1326 813 1558 895 Aristophanes
1590 814 1692 879 multis
1723 835 1787 898 pe·-

183 936 350 998 steriorum
372 941 550 1015 temporum
572 931 891 1012 scriptoribussnam
915 928 1054 1004 fabulam
1076 928 1221 998 instinctu
1236 929 1647 1002 ,adversariorumsspnratia
1670 933 1784 1011 iecisse

185 1052 286 1118 videri
302 1052 450 1134 potuerit,
466 1050 551 1132 quod
565 1049 604 1111 ab
621 1045 1187 1130 scriptoribus,nennullisl’nlycrates
1201 1048 1304 1130 Anyto
1328 1057 1358 1116 et
1373 1048 1488 1118 Maleto
1506 1050 1682 1120 orationem
1698 1069 1787 1134 epam
1812 1092 1816 1100 =

89 1167 92 1174 “
184 1170 365 1236 vendidisse
386 1168 487 1232 dictus
509 1167 557 1233 sit.
600 1166 662 1232 Sed
684 1165 797 1242 euclem
822 1163 964 1236 consitio,
989 1183 1051 1246 quo
1068 1163 1507 1247 hrhtephaneedueehater,
1520 1185 1615 1248 quem
1637 1187 1784 1235 severum

185 1289 320 1354 iudicem
343 1293 465 1350 constat
481 1285 644 1352 Socratem
665 1280 1054 1363 unquanpertcnlosnm
1077 1281 1345 1364 philosophorum
1366 1303 1519 1352 novarum
1535 1304 1641 1352 rerum
1658 1285 1788 1354 satie

186 1425 293 1470 rorum
316 1405 490 1488 principem
514 1401 695 1484 castigasse,
713 1401 812 1486 etiam
836 1397 1032 1482 Polycratem
1062 1419 1135 1466 sares
1150 1400 1395 1470 ,hariolatinnea
1416 1403 1634 1485 composuisse
1661 1403 1788 1476 minime

185 1523 354 1606 probabile
374 1531 431 1586 est.
472 1521 582 1602 Neque
604 1518 703 1600 magis
723 1517 820 1584 -video
844 1537 898 1581 cur
920 1517 975 1601 illa
993 1519 1149 1586 sententia
1170 1526 1342 1602 propterea
1364 1519 1561 1601 probabilior
1584 1520 1651 1586 tieri
1665 1520 1789 1586 ,ridean-

187 1651 237 1705 tur
258 1643 452 1714 Hermanno,
476 1638 561 1720 quod
584 1645 658 1720 post
679 1635 816 1704 Socratis
839 1642 975 1698 mortem
997 1615 1319 1702 Athenienseshuins
1340 1638 1494 1720 supplicii
1511 1659 1597 1704 ‚mcx
1619 1639 1790 1721 poeaituit;

107 1737 109 1750 ¹
177 1761 262 1844 -quid
283 1759 367 1823 eninr
389 1757 429 1820 de
452 1759 537 1822 exitu
550 1755 604 1818 uei
626 1755 810 1820 laborarent
831 1752 937 1820 futiles
961 1752 1129 1822 rhetoresil
1171 1757 1274 1836 arque
1303 1756 1426 1822 etiamsi
1448 1776 1488 1818 ne
1511 1757 1642 1826 alinisse
1663 1757 1789 1838 quidem

186 1879 319 1961 amplius
342 1875 473 1939 Athenis
495 1873 798 1954 Conorristempure
820 1871 1028 1954 Polycratem,
1042 1873 1105 1938 ‚sad
1132 1871 1165 1936 in
1194 1871 1297 1956 Cypro
1332 1881 1490 1936 versatum
1519 1893 1588 1940 esse
1617 1874 1790 1940 Wclolrere

171 1997 242 2076 ’(ΙιΙ.
262 1995 352 2058 Schr.
375 1994 413 2067 ll,
441 1995 518 2070 462)
551 1991 771 2064 concedamus,
801 1998 991 2062 tamennon
1026 1991 1168 2072 sequitur
1198 1997 1364 2073 talparum
1388 1991 1538 2058 credibile
1565 1992 1614 2066 sit,
1650 1993 1696 2056 ihi
1718 2001 1792 2058 tan,-

183 2122 246 2178 tem
262 2112 401 2176 Socratis
417 2110 633 2174 celebritatem
650 2109 756 2181 inisse,
780 2115 813 2170 ut
825 2115 935 2190 aptum
951 2107 1144 2189 sophisticae
1159 2107 1398 2182 declamationis
1415 2116 1632 2194 argumentum
1649 2111 1789 2194 praebet·

187 2239 241 2296 ret
259 2231 364 2306 Quitt
380 2229 466 2312 quod
478 2229 595 2309 uhique
608 2227 743 2294 maxima
756 2225 969 2290 eratSoeratis
984 2225 1154 2290 celebritas
1165 2233 1202 2288 et'
1210 2227 1328 2307 ubique
1340 2227 1538 2309 aptissimam
1549 2229 1792 2312 sophistis-oen„

188 2322 257 2412 sam
270 2346 425 2431 praebuit,
440 2345 662 2418 incolentibus,
676 2353 711 2408 ut
726 2345 845 2426 optimc
861 2343 1087 2414 diritltteierus
1100 2344 1182 2422 (ind.
1197 2343 1296 2407 sohel.
1312 2365 1363 2408 un
1378 2345 1452 2411 llal,
1467 2343 1557 2413 1831.
1573 2368 1603 2428 p.
1620 2349 1664 2436 b),
1680 2347 1712 2408 in
1728 2354 1790 2414 tam

183 2467 307 2532 illustre
322 2470 541 2552 argumentum
558 2483 621 2526 non
637 2461 939 2543 minusacqaalihus
956 2480 1049 2542 quarn
1061 2461 1197 2543 posteris
1214 2461 1277 2527 alio
1294 2469 1517 2532 accusatorum,
1528 2464 1591 2532 alio
1605 2465 1788 2546 rei-perso,
1838 2490 1841 2499 ·

189 2603 264 2648 nam
278 2583 358 2648 fietis
374 2581 606 2647 exercitationis
623 2599 717 2644 causa
733 2579 929 2648 orationibus
944 2579 976 2640 in
991 2578 1158 2662 palaestris
1173 2580 1336 2648 rhetorum
1353 2589 1467 2650 tuente.
1477 2582 1558 2648 Saue
1571 2590 1647 2666 pest
1655 2584 1789 2662 Socratis

190 2709 325 2766 mortem
342 2701 407 2765 eius
429 2719 524 2764 causa
539 2707 614 2782 apta
629 2700 668 2762 ad
684 2697 924 2766 declamandum
947 2717 999 2763 res
1015 2703 1093 2770 erut,
1113 2717 1176 2763 non
1191 2706 1259 2767 erat
1274 2699 1376 2772 donee
1388 2699 1470 2764 inter
1482 2701 1573 2766 rivos
1589 2703 1785 2784 versabatur,

195 2842 298 2904 neque
315 2822 341 2884 si
357 2821 398 2882 ad
414 2827 573 2882 extremos
589 2817 665 2880 belli
681 2815 943 2898 Peloponnesiaci
959 2834 1058 2900 annos
1074 2815 1259 2896 referamus,
1274 2835 1345 2898 ,qua
1360 2817 1482 2884 ratione
1492 2819 1570 2884 inde
1585 2819 1714 2888 turilias
1729 2839 1791 2885 exe

188 2941 322 3025 plicetur
343 2939 514 3022 perspicio,
538 2935 700 3018 quomodo
723 2935 794 2998 ficri
811 2934 949 3016 potuerit
970 2941 1004 2996 ut
1022 2934 1055 2997 in
1076 2934 1167 3017 Anyti
1182 2934 1354 3016 Meletique
1373 2937 1504 3016 gratiam
1521 2937 1697 3018 composita
1718 2958 1788 3004 esse

187 3059 359 3122 videretur.
381 3056 466 3118 Nihil
479 3048 574 3138 igitur
589 3063 659 3117 erat
678 3054 737 3114 nisi
753 3052 1060 3134 declamationeque
1075 3069 1144 3116 eam
1158 3051 1327 3126 leonastes,
1344 3052 1396 3133 qui
1412 3053 1583 3135 sophistam
1599 3057 1715 3118 acerbe
1732 3073 1791 3131 re?

186 3175 366 3260 prehendit,
381 3172 611 3236 accusationem
627 3168 1071 3252 potiur.quam.laudatienem
1087 3167 1386 3254 rocatthmapdceue
1399 3179 1574 3257 κατηγορεῖν
1587 3172 1790 3264 ἐπιχειρήσας,

187 3293 288 3378 ὥσπερ
310 3285 496 3376 ἐγκωμιάσαι
517 3285 711 3374 βουλόμενος,
724 3286 829 3383 ΙΒιιιίι.
851 3291 877 3364 ς.
899 3288 945 3364 5);
967 3285 1162 3352 Alcibiadem
1186 3287 1362 3352 enimcum
1384 3289 1504 3356 sacras
1519 3291 1710 3373 discipulum
1728 3291 1790 3354 de·-

187 3389 282 3486 disse,
306 3402 399 3492 quern
422 3409 462 3473 ah
484 3407 541 3468 illo
558 3425 653 3470 nemo
677 3408 756 3470 sciat
778 3406 942 3472 educatum
965 3423 1046 3478 esse,
1068 3411 1245 3471 ceterorum
1267 3425 1345 3472 vero
1366 3409 1671 3488 praestantissimum
1692 3410 1791 3480 inisse

188 3531 297 3594 otinas
318 3526 533 3608 iudicaverint,
555 3533 590 3588 ut
611 3525 637 3588 si
660 3525 797 3595 mortuis,
812 3526 851 3592 do
873 3522 1070 3604 orationibus
1092 3522 1244 3603 loquendi
1265 3523 1399 3590 facultas
1415 3534 1516 3598 ,esset
1538 3527 1684 3610 decretas
1706 3527 1806 3592 illius·

186 3646 377 3712 aceusadoni
392 3645 463 3728 plus
480 3643 781 3726 gratiae-habiturus
797 3651 882 3706 esset
896 3663 990 3724 quam
1005 3643 1042 3708 iis
1060 3644 1113 3724 qui
1128 3643 1264 3708 laudare
1279 3620 1517 3724 consueuerint,
1538 3645 1650 3726 quibus
1680 3647 1792 3726 iisdem

185 3764 291 3828 verbis
314 3763 408 3826 etiam
430 3763 633 3848 obloquente·
646 3762 834 3830 Hermanno¹
847 3761 941 3842 (hist.
963 3761 1040 3843 phil.
1063 3761 1139 3824 Plet.
1162 3783 1192 3843 p.
1213 3759 1477 3846 titilldelyeratis
1497 3763 1615 3846 librum
1638 3765 1792 3848 niuoso-

187 3890 276 3948 crata
295 3880 503 3962 compositum
524 3899 679 3944 neeesse
692 3880 765 3942 iure
787 3899 859 3944 meo
874 3879 1014 3944 ,edicere
1043 3881 1119 3945 mihi
1151 3881 1278 3946 videor..
1308 3880 1431 3947 dentre
1460 3881 1671 3965 Polycratem·
1688 3903 1792 3968 pecu·

124 4081 127 4090 ¹
185 4001 299 4064 liarem
318 3997 434 4060 librum
448 3995 504 4062 aba
526 3993 789 4082 dndpheapdruue
808 3997 883 4080 πρὸς
897 3995 1093 4084 Πολυκράτην
1110 3995 1200 4081 λόγον
1227 3999 1499 4082 scripsithpsiar,
1525 3999 1620 4064 uada·
1639 3981 1792 4066 nonnulla

187 4117 289 4182 attulit
308 4113 412 4180 Schol.
434 4113 562 4194 Aristid
583 4135 614 4196 p.
640 4112 710 4188 103.
733 4114 804 4179 180.
827 4115 973 4190 Fromm,
1002 4115 1129 4200 Lysiam
1151 4135 1286 4182 narrans
1298 4119 1349 4182 dc
1367 4118 1531 4194 callactis,
1558 4117 1731 4203 praecipua
1750 4122 1792 4184 de

189 4257 234 4305 eu
252 4237 338 4318 quod
359 4231 568 4315 Demophilus
587 4231 733 4298 Diomedi
755 4240 897 4315 ereptum
918 4234 1056 4302 Athenas
1079 4255 1186 4300 secum
1202 4235 1352 4310 duxisset,
1375 4236 1515 4302 loentum
1535 4257 1610 4300 esse
1632 4239 1792 4304 eundem-2

188 4363 251 4435 'que
269 4354 425 4416 refutasse
446 4350 618 4436 Polycratis
641 4351 739 4416 uerba
760 4349 922 4434 Socratem
944 4353 1252 4435 popularemiuisse
1276 4354 1417 4436 negantis
1440 4362 1474 4448 ut
1495 4356 1549 4436 qui
1570 4355 1692 4420 Ulixem
1714 4356 1792 4428 lad,

190 4471 331 4536 deviabat
350 4472 509 4556 principes
532 4471 659 4556 qpidem
680 4457 809 4546 mitibus
830 4469 937 4544 uerbis
971 4470 1203 4557 adhortantem,
1232 4473 1374 4554 priuatos
1403 4479 1509 4539 eutem
1538 4472 1682 4544 homiues
1711 4493 1791 4560 rer,-
