4024 5070
236 321 311 385 eius
332 317 467 401 filiisque
491 317 532 380 ed
546 321 723 400 egenhen
747 315 882 382 redactis
906 319 1000 380 istum
1015 337 1061 382 es
1083 335 1226 399 caupone
1249 316 1365 381 tactum
1387 317 1734 410 essefunguautariure.
1759 316 1849 380 Hauc

162 513 168 522 ,
245 425 339 526 igitur
358 436 429 500 esse
452 436 534 498 vitae
556 435 767 498 oonditianem
790 437 953 519 sophistae
975 435 1068 499 ithus,

367 557 516 618 Extrema
534 553 582 616 ‘de
601 573 662 638 auu
686 555 800 615 verha:
829 551 866 636 ἧς
889 549 965 649 ῥᾷον
983 552 1056 624 τοὺς
1078 548 1202 625 ὀδόντας
1224 547 1391 637 ἀριθμῆσαι
1411 551 1431 635 ἢ
1452 559 1509 636 τῆς
1526 552 1627 636 χειρὸς
1646 553 1716 626 τοὺς
1738 555 1848 620 δακτύ-

242 678 313 747 λους
334 673 456 754 attingit
478 673 573 734 etiam
597 671 709 734 suidas
723 692 760 734 ν.
782 669 830 736 ἐπὶ
852 670 1001 756 γερόντος,
1025 679 1057 732 et
1078 672 1217 735 Demetr.
1240 671 1385 733 deniae.
1417 659 1445 746 §2
1480 667 1547 733 128.
1571 680 1610 752 „et
1637 668 1708 744 262,
1730 669 1846 753 'neque

242 789 380 855 dubitari
403 798 508 872 potest
530 791 605 870 quin
627 811 666 863 ex
687 791 800 852 eadem
824 789 1135 851 orationedasumta
1166 788 1227 850 sint
1255 807 1337 868 quae
1367 789 1543 852 Demetrius
1573 793 1598 865 S.
1631 791 1700 852 128.
1731 790 1846 856 habet:

130 965 134 974 ,
240 905 316 980 ὅσας
338 907 419 980 ἄξιος
440 903 476 990 ἧν
497 911 599 989 λαβεῖν
620 907 745 993 πληγὰς,
767 907 915 980 τοσαύτας
934 903 1045 991 εἴληφε
1067 901 1213 988 δραχμάς,
1236 925 1294 966 uec
1324 905 1587 986 flarpuorationis
1616 907 1732 968 verha:
1763 907 1846 972 ἔστι.
1968 943 1969 1020 p

242 1045 310 1090 ιπον
327 1023 442 1108 ’χωρίον
463 1023 497 1088 τὸ
519 1026 559 1109 μὴ
577 1025 768 1109 ὑποκείμενον
783 1029 921 1108 santorp
942 1048 969 1089 ιι.
982 1047 1006 1089 τ.
1022 1028 1048 1088 λ.
1070 1020 1104 1085 τὸ
1119 1013 1146 1086 δ’
1166 1019 1238 1086 αὐτὸ
1253 1019 1305 1087 καὶ
1319 1019 1363 1087 ἐπ’
1380 1019 1476 1096 οἰκίας
1491 1023 1607 1106 γίνεται
1624 1022 1736 1099 Λυσίας
1758 1023 1789 1088 ἐν
1802 1025 1846 1114 τῷ
1968 1025 1969 1042 ’

237 1139 475 1230 πρὸςΑἰσχίνιον
496 1143 545 1207 τὸν
567 1119 767 1226 Acipensis,
792 1151 845 1208 etz‘
860 1141 1026 1224 καταπλήξ,
1049 1135 1223 1220 ὁσυνεχῶς
1242 1137 1454 1224 πεπληγμένος
1500 1141 1615 1212 Λυσίας
1642 1140 1673 1206 ἐν
1699 1147 1743 1234 τῷ
1770 1145 1847 1229 πρὸς
1968 1129 1969 1212 ί

160 1258 162 1262 ’
239 1257 452 1344 antrannis
473 1260 697 1346 Σωκρατικόν·
718 1263 797 1322 'fam
819 1279 901 1341 quae
926 1258 1076 1319 Aristides
1101 1256 1199 1318 habet
1221 1255 1257 1316 ΙΙ.
1282 1279 1313 1338 p.
1336 1260 1407 1320 407.
1437 1258 1527 1338 Dind.
1555 1255 1591 1322 οὔ
1619 1256 1733 1332 Λυσίας
1760 1257 1847 1327 ssat·-

238 1377 484 1460 τοινασοφιστὴν
505 1375 667 1442 canisiani
689 1376 777 1444 πάλιν
799 1377 957 1460 Αίσχίνηνς
981 1383 1157 1458 κατηγορῶν
1179 1369 1265 1447 οὗτός
1286 1395 1331 1458 γε,
1353 1375 1427 1460 φαίη
1449 1400 1493 1449 τις
1513 1375 1558 1458 ἂν,
1583 1386 1721 1438 extrema
1745 1379 1845 1440 verba
1968 1381 1969 1394 ¹

242 1494 318 1556 eatis
339 1495 486 1575 probant,
507 1493 669 1560 hisoeaoi
688 1493 931 1578 ποίλινίιίσχίνην
954 1513 991 1554 ea
1006 1491 1173 1572 significari
1197 1511 1278 1572 quae
1294 1493 1473 1554 Athenaeus
1490 1494 1576 1555 dicit:
1599 1491 1682 1576 ὁμὲν
1704 1491 1754 1561 οὖν
1770 1496 1864 1581 ,βίοςν

239 1619 293 1678 ’τοῦ
308 1619 458 1694 σοφιστοῦ»
470 1620 612 1696 τοιοῦτος,
634 1615 866 1679 verbis'autem
887 1608 941 1676 παὶ
961 1607 1048 1676 πάλιν
1070 1611 1184 1672 additis
1200 1611 1289 1692 sequi
1312 1620 1344 1673 ut
1359 1633 1425 1680 non
1443 1611 1503 1673 hac
1526 1612 1669 1685 oratione
1692 1587 1776 1693 quaa
1796 1622 1843 1680 est

220 1732 223 1742 '
242 1729 414 1792 Herrnanui
435 1730 490 1808 (de
510 1731 766 1813 Socratmagist
780 1755 809 1814 p.
823 1732 878 1807 οἳ)
901 1729 1065 1815 sententia,
1081 1729 1176 1792 etiam
1196 1731 1356 1791 Platonem
1372 1715 1570 1792 cavillatione
1586 1741 1769 1809 persecutus
1786 1736 1841 1797 sit.

257 1887 277 1917 ,ι
368 1847 434 1912 lam
457 1868 534 1911 sero
553 1849 588 1910 in
610 1853 759 1916 oretanae
777 1851 855 1914 nihii
877 1857 924 1912 est
947 1848 1032 1929 quod
1056 1849 1095 1908 ab
1119 1848 1231 1929 Lysiae
1254 1847 1389 1910 dictione
1409 1847 1586 1909 abhorreat
1617 1869 1719 1928 neque
1739 1829 1842 1931 ,quies-

242 1985 336 2048 quam
358 1969 445 2048 quod
467 1970 528 2050 ipsi
549 1971 698 2052 scriptori
722 1971 885 2031 historiam
909 1967 960 2030 vei
983 1967 1122 2028 instituta
1138 1965 1375 2028 Atheniensium
1398 1965 1507 2046 ignota
1530 1966 1627 2028 fuisse
1651 1945 1842 2042 documento

240 2087 288 2148 sit.
332 2087 438 2160 Quare
462 2089 547 2169 quud
574 2090 757 2152 Weiskerus
780 2091 887 2150 statuit
911 2085 1122 2167 [Mus'Rhen.
1150 2083 1239 2158 1834,
1263 2106 1294 2166 p.
1325 2081 1502 2148 391-40u
1546 2085 1655 2147 Kieine
1686 2090 1841 2158 Schriften

239 2203 263 2276 1,
286 2225 315 2285 p.
339 2203 717 2285 412-43tit'orationem
740 2228 812 2269 non
832 2227 902 2268 esse
925 2205 1047 2288 Lysiae,
1070 2203 1143 2265 licet
1174 2204 1310 2266 eandem
1340 2203 1524 2264 sententiam
1554 2205 1591 2268 K.
1619 2207 1719 2268 Lehrs
1751 2211 1841 2283 thius,

241 2321 342 2387 Rhea.
367 2323 456 2398 1847,
478 2325 531 2390 Ἦ.
553 2347 583 2406 p.
598 2327 655 2398 dd,
677 2326 786 2408 popul.
815 2325 895 2388 auis.
920 2345 948 2405 p.
977 2320 1243 2403 Littampiex'us
1274 2321 1323 2390 sit,
1351 2321 1414 2382 ium
1435 2323 1590 2402 ¹equidem
1621 2343 1682 2385 non
1712 2347 1842 2408 sequor.

237 2439 615 2524 RectiusBoeckhiusto.
636 2465 661 2506 c.
686 2443 709 2518 l,
732 2441 805 2518 66.)
828 2443 964 2505 Meiarus
980 2441 1035 2516 (de
1059 2438 1111 2500 lite
1133 2458 1164 2520 p.
1188 2437 1259 2502 498.
1272 2437 1360 2512 523),
1373 2425 1597 2517 Ρίοιιιοιοοιίί.
1611 2464 1640 2523 p.
1656 2442 1741 2524 36)),
1755 2447 1842 2512 Her-

130 2553 135 2570 '
181 2551 183 2560 '
239 2575 371 2620 mannus
394 2559 451 2639 (de
473 2558 589 2638 soeret.
614 2581 695 2644 mag.
718 2562 768 2634 22,
792 2561 833 2623 de
855 2560 971 2621 Aesoh.
993 2559 1058 2635 28),
1082 2557 1236 2638 Sauppius
1267 2557 1488 2620 intellexerant
1517 2562 1715 2638 Aeschinem,
1746 2557 1841 2646 quem

126 2727 128 2732 ,
237 2674 379 2759 Dionysii
401 2677 588 2760 Syracusani
612 2680 828 2762 voluptatibus
853 2679 999 2739 orbatum
1021 2677 1052 2737 in
1075 2695 1197 2769 summa
1213 2684 1398 2756 paupertate
1421 2677 1549 2761 degisse
1563 2691 1694 2754 constat,
1720 2703 1758 2746 eo
1782 2671 1848 2748 as-¹

235 2813 303 2876 ,que
325 2796 472 2878 egestatis
494 2796 662 2878 delapsum.
681 2819 761 2870 esse,
784 2803 817 2858 dt
837 2797 1000 2878 ungnentis
1031 2794 1226 2857 fabricandis
1250 2795 1361 2859 vietum
1384 2805 1550 2876 quaereret
1581 2806 1612 2859 et
1634 2819 1673 2860 ue
1696 2801 1742 2862 sio
1764 2803 1841 2882 qui-

238 2913 312 2976 dem
334 2914 524 2977 creditorum
548 2915 784 2997 persecutiones
803 2917 948 2978 evitasset.
972 2915 1107 2994 Quaque
1130 2913 1255 2976 levitate
1280 2915 1374 2976 modo
1398 2915 1503 2979 severi
1527 2915 1712 3000 philosophi
1742 2919 1842 2984 instar

241 3032 388 3094 virtutem
410 3034 649 3096 commendasse
672 3035 940 3116 modo.'pr'oterve
955 3043 993 3096 ,et
1011 3033 1125 3095 acerbe
1147 3031 1226 3092 elios
1248 3031 1384 3092 irrisisse
1407 3031 1537 3104 videtur,
1560 3034 1704 3108 eandum,
1719 3036 1749 3098 in
1775 3038 1841 3103 eius

240 3150 308 3214 vita
328 3167 500 3232 agnoscam
523 3157 586 3210 tam
611 3152 762 3236 Dionysio
791 3173 826 3214 se
848 3152 1007 3225 submittit,
1037 3158 1101 3212 tum
1131 3152 1308 3232 praeceptis
1338 3151 1474 3212 Socratis
1507 3151 1698 3232 posthabitis
1728 3158 1843 3235 quovis

243 3268 342 3334 niodo
362 3270 457 3331 vitam
481 3276 657 3333 sustentare
679 3289 743 3370 upon
762 3271 892 3332 dubitat.
935 3271 1023 3332 Haeo
1045 3287 1104 3329 sno
1128 3269 1253 3349 quidem
1277 3287 1366 3330 more
1388 3276 1422 3328 ut
1441 3269 1551 3350 Lysias
1576 3274 1763 3358 tractaverit,
1786 3281 1841 3338 ta·-

242 3407 315 3452 rnen
337 3383 467 3469 ea'ipsa
490 3406 571 3469 quae
594 3389 634 3452 de
657 3409 718 3452 anu
747 3390 894 3472 exposuit
921 3402 985 3450 don
1016 3387 1160 3449 ridentur
1189 3387 1263 3448 fieta
1292 3405 1361 3448 esse
1390 3387 1511 3465 omnia;
1542 3388 1667 3450 numina
1696 3398 1780 3455 certe
1812 3401 1843 3454 et

241 3505 422 3568 huiusmodi
444 3507 588 3570 minutias
611 3508 721 3570 rhetor
742 3505 925 3588 posterioris
947 3507 1060 3568 aetatis¹
1081 3526 1144 3567 non
1175 3505 1358 3577 addidisset,
1381 3506 1438 3568 sed
1461 3505 1490 3568 in
1522 3485 1745 3587 philosophica
1774 3512 1842 3582 Aa*

242 3623 357 3686 schiois
378 3624 483 3688 studia
505 3625 596 3688 altius
619 3623 842 3689 descendisset.
885 3625 1005 3705 Magnis
1027 3623 1120 3704 igitur
1143 3623 1381 3686 difficultatibus
1402 3629 1546 3704 pressum
1557 3625 1744 3688 Aeschinem
1760 3645 1840 3690 cau·

242 3741 370 3825 puniam
392 3743 570 3806 exercuisse
591 3745 656 3804 non
678 3744 833 3825 estquod
855 3762 1015 3826 negemus,
1039 3743 1125 3824 qnod
1148 3743 1307 3824 negotium
1330 3742 1472 3823 quamvis
1503 3741 1564 3804 viia
1595 3746 1841 3821 esset'Athenis

201 3871 204 3874 '
241 3867 348 3924 tamen
368 3858 529 3922 infamiam
551 3881 615 3923 non
635 3862 757 3924 terebat
771 3861 928 3940 (Boockh.
951 3859 989 3924 0.
1013 3881 1037 3922 c.
1061 3859 1084 3932 i,
1105 3857 1179 3938 66),
1202 3879 1306 3940 neque
1329 3869 1411 3923 recte
1436 3861 1533 3922 verba
1549 3861 1661 3944 Lysiae
1677 3864 1841 3928 Athenae-

182 3965 188 3984 *
240 3996 277 4042 ιι
291 3976 358 4039 his:
373 3973 517 4049 Σίλωνος
538 3985 590 4043 τοῦ
606 3975 769 4064 νομοθέτου
785 3973 847 4044 οὐδ’
860 3975 1064 4064 ἐπιτρέποντος
1082 3975 1166 4061 ἀνδρὶ
1179 3975 1318 4062 τοιαύτης
1339 3979 1541 4065 προίστασθαι
1553 3976 1660 4065 τέχνης
1680 3982 1842 4065 interpre-

243 4102 325 4162 tatus
349 4111 421 4158 esse
440 4093 579 4160 ridetur.

372 4213 441 4279 Alia
463 4211 586 4276 uidetur
609 4232 679 4276 esse
700 4215 813 4287 oratio,
836 4231 930 4296 quam
946 4215 1103 4298 Diogenes
1126 4215 1269 4279 Laertius
1292 4217 1329 4294 Π,
1351 4219 1402 4280 at.
1424 4217 1547 4282 laudat:
1568 4213 1620 4282 καὶ
1635 4216 1747 4296 Λυσίας
1768 4209 1838 4284 κατ’

243 4328 334 4398 «aaa
355 4327 526 4415 (Αἰσχίνου)
547 4326 678 4414 γέγραφε
700 4330 797 4416 λόγον,
817 4328 886 4416 περὶ
907 4333 1109 4416 συκοφαντίας
1129 4331 1304 4422 ἐπιγράψας,
1327 4335 1503 4417 eademqne
1525 4336 1565 4398 eh
1588 4335 1843 4417 Harpocratiuno

243 4445 368 4512 videtur
386 4450 500 4532 respici
521 4469 552 4515 ν.
567 4439 731 4520 Ἀσπασία·
753 4449 867 4525 Λυσίας
887 4447 921 4518 ἐν
938 4452 983 4546 τῷ
1002 4448 1077 4534 πρὸς
1098 4447 1443 4538 ΑἶσχίνηνΣυιιρατυιὸν
1466 4449 1507 4520 oi'
1516 4449 1655 4538 διάλογος
1676 4451 1842 4546 ἐπιγραφό-

1407 4563 1425 4594 ,0
