4024 5070
161 359 281 446 gravis,
311 359 368 422 sed
399 356 557 422 suauitate
586 369 624 418 ea
648 345 940 436 quopertundcret
960 355 1096 427 animos,
1119 371 1183 416 non
1214 369 1276 434 qna
1301 320 1524 435 perfringeret.
1568 353 1631 418 Sed
1660 353 1777 420 trustra

160 480 216 542 ubi
243 477 298 558 illa
329 475 469 542 suavitas
497 475 548 548 sit,
571 493 633 556 qua
656 461 804 536 delectati
825 473 887 534 aiut
909 472 1088 544 auditores.
1103 491 1163 554 per
1185 479 1325 534 nostram
1349 473 1528 550 orationem
1551 489 1704 555 quaeram
1726 483 1776 539 sat

161 579 278 660 multos
299 595 387 674 locos
404 593 545 675 reperies
564 592 678 673 quibus
702 599 820 654 tantum
836 591 965 673 putidae
979 590 1141 670 gravitatis
1159 597 1190 652 et
1204 587 1451 652 vehementioris
1468 589 1672 672 loquacitatis
1685 592 1777 666 inest,

160 723 195 778 nt
218 714 356 776 nesciam
380 731 419 773 au
443 711 515 794 plns
538 710 637 772 taedii
659 727 754 790 quarn
774 708 946 794 uoluptatis
962 707 1206 771 Atheniensibus
1232 727 1341 770 creare
1364 706 1540 772 debuerint.
1582 708 1690 785 Quare
1711 729 1776 774 non

159 832 264 894 solnm
283 831 399 892 dixisse
414 847 522 892 coram
538 827 670 910 popolo,
693 827 750 890 sed
768 827 862 889 ctiam
879 827 1040 888 orationes
1057 825 1191 907 scriptas
1207 824 1376 906 reliquisse
1391 825 1569 888 Demetrius
1585 827 1708 890 etiamsi
1724 829 1777 890 vi-

159 949 261 1023 detur,
287 957 391 1010 tamen
414 967 454 1010 ne
476 953 600 1010 constat
622 944 749 1027 quidem
771 943 858 1008 cuius
882 944 1061 1024 argumenti
1084 944 1150 1006 cius
1174 943 1336 1006 orationes
1352 943 1477 1018 luerint,
1496 963 1536 1006 ex
1554 945 1671 1026 quibus
1689 965 1773 1027 quae

159 1067 306 1148 exempla
320 1066 452 1128 Rutilius
469 1064 575 1146 Lupus
592 1063 683 1126 affert
698 1063 750 1140 (ol.
766 1061 904 1142 llerwig.
921 1082 951 1143 p.
968 1063 1044 1141 25.)‚
1062 1061 1193 1122 multum
1211 1061 1251 1122 ab
1268 1061 1400 1124 huiusce
1416 1060 1571 1124 orationis
1587 1063 1698 1125 indole
1714 1063 1778 1126 ab-

158 1186 298 1248 horrent.
321 1185 401 1246 Tum
417 1182 478 1245 alia
495 1189 543 1246 est
557 1199 653 1244 causa
669 1180 842 1274 quare-Ed.
855 1180 1028 1242 Beoselero
1046 1185 1155 1242 nostra
1171 1174 1273 1242 oratio
1290 1180 1373 1242 circa
1388 1180 1501 1263 Lysiae
1517 1167 1662 1262 tempora
1684 1180 1777 1245 vide.
1877 1161 1878 1166 ί

160 1313 230 1366 atur
245 1302 362 1383 scripta
377 1319 448 1362 esse
464 1301 519 1379 (de
535 1299 623 1361 hiatu
638 1319 670 1380 p.
688 1301 772 1376 105).
787 1299 948 1379 Leguntur
963 1298 1046 1360 eninr
1061 1296 1094 1358 hi
1108 1297 1212 1359 hiatus
1227 1297 1259 1359 in
1276 1296 1404 1360 eadem:
1420 1306 1474 1364 τοῦ
1490 1293 1573 1381 ίτροῦ
1586 1298 1629 1372 ὡς
1644 1334 1685 1344 -
1698 1297 1779 1366 νοκτὶ
1813 1351 1816 1360 .

162 1421 300 1504 ὑφείλετο
322 1453 363 1464 -
384 1421 429 1511 τῷ
450 1416 580 1506 ἀλγίστῳ
602 1413 742 1482 ἀπώλετο
761 1419 803 1462 “-
826 1412 879 1480 καὶ
901 1413 1024 1498 ἀγαθῶν
1045 1450 1089 1461 -
1111 1411 1194 1508 αὐτῷ
1213 1411 1262 1480 ἐπὶ
1283 1449 1326 1460 -
1347 1421 1400 1480 τοῦ
1416 1415 1507 1498 ἄρτοο
1528 1451 1572 1460 -
1593 1411 1646 1481 καί
1669 1413 1724 1481 οὐκ
1738 1445 1781 1464 -·-

160 1533 270 1604 πολλοὶ
290 1538 376 1624 ἡμῶν
396 1567 439 1581 ·-
458 1541 511 1600 τοῦ
533 1529 712 1618 ἱεροφάντου
733 1567 776 1580 -
796 1537 824 1608 §-
845 1535 881 1596 3:
903 1537 989 1599 ’δοκεῖ
1003 1529 1079 1610 εἶναι
1100 1567 1135 1579 —-
1149 1530 1298 1616 λεχθέντα
1323 1530 1492 1616 ἀναμνῆσαι
1504 1565 1548 1578 -
1562 1530 1614 1600 καὶ
1636 1531 1726 1600 αὐτόν
1740 1567 1783 1578 ·-

162 1652 215 1720 καὶ
244 1655 309 1738 ὑμῖν
336 1685 378 1700 ·-·
405 1648 628 1734 κατελεῆσαιῆ
659 1651 925 1735 καταχαρίσασθαι
950 1647 1111 1734 Ἀνδοκίδη
1140 1685 1182 1696 --
1211 1647 1256 1716 ὅτι
1285 1649 1420 1733 ἐγαργῶς
1441 1685 1482 1696 -
1512 1648 1634 1716 ἐλπίσαι
1665 1647 1717 1717 οὖν
1740 1683 1782 1698 --·
1832 1703 1838 1712 .

161 1768 259 1838 πάντα
280 1771 440 1853 ἄνθρωπον
460 1801 503 1815 --
523 1764 575 1834 καὶ
598 1769 697 1860 ἑαυτῷ
718 1765 771 1832 καὶ
793 1763 887 1859 ἑτέρην
908 1767 1042 1833 ἔσεσθαι.
1064 1771 1092 1843 β.
1115 1769 1153 1834 l:
1180 1765 1241 1834 νννὶ
1257 1764 1437 1852 Ἀνδοκίδης
1459 1802 1501 1814 —-

164 1885 216 1956 καὶ
236 1887 312 1972 ἔλθη
335 1917 376 1934 -
399 1883 483 1952 ἐννέα
506 1883 659 1968 ἀρχόντων
680 1906 708 1948 τι
728 1883 748 1968 ἢ
772 1881 846 1969 ὑπέρ
868 1919 912 1930 --
934 1881 986 1950 καὶ
1009 1881 1101 1968 εὖχοίς
1128 1886 1170 1932 -L
1200 1887 1246 1977 τῷ
1274 1875 1587 1978 ἐνδοίδτἘλεοοινίῳ
1616 1921 1658 1932 -
1687 1884 1721 1950 δὲ
1752 1883 1782 1951 ἓν

129 2017 132 2024 “
163 2010 208 2098 τῷ
217 1996 367 2072 Ἐλευσῖνι
382 2003 457 2096 ἱερῷ
470 2037 511 2050 -··
527 2000 603 2086 μηδὲ
619 1998 716 2086 ἀσεβῇ
728 2035 769 2050 ·-—
784 2004 812 2078 β.
829 2005 864 2066 5:
879 2000 982 2066 οἴεσθε
997 2001 1074 2075 ἕξειν
1088 2037 1129 2048 —-
1145 1997 1273 2084 βασιλέα
1289 1999 1424 2074 ὅστις-
1439 1999 1492 2068 καὶ
1508 1999 1727 2088 ἀναμνησθῶσι
1740 2037 1782 2050 --

128 2149 141 2172 ι
163 2121 201 2187 τὰ
220 2118 392 2205 ἠσεβημένα
407 2117 506 2194 ,αὐτοῦ
528 2118 548 2203 ἢ
570 2151 612 2166 -··
634 2115 664 2183 οἳ
685 2117 775 2184 ἕνεκα
795 2153 838 2164 -
859 2117 1035 2202 βουλόμενοι
1054 2116 1074 2202 ἢ
1096 2151 1138 2164 -
1161 2121 1188 2194 β.
1204 2116 1239 2178 6:
1261 2119 1323 2190 ἔξω
1338 2118 1408 2184 οὔτε
1429 2151 1471 2172 -κ
1492 2116 1530 2186 τδι
1552 2117 1723 2205 ἠσεβημένα
1738 2157 1780 2167 -

163 2239 229 2322 ἔχει
251 2235 310 2302 ἀπὸ
335 2269 372 2286 -
394 2235 564 2322 ἢδηαδῶν
582 2269 623 2284 -·-
644 2241 682 2322 ιη’
703 2233 912 2330 ἀποδημίᾳ-
929 2228 1006 2328 ᾤ’διν
1023 2267 1059 2283 -··
1080 2235 1107 2318 β.
1130 2243 1164 2302 72
1190 2235 1257 2319 δὲῆ
1283 2271 1321 2282 -
1341 2231 1504 2322 Ἀνδοκίδη
1527 2233 1584 2302 οὐκ
1605 2235 1780 2323 ἐξηπατήθη

166 2345 210 2420 ὑπ’
233 2389 271 2400 ·-
297 2353 380 2446 αὐτῷ
400 2352 487 2420 οὐδὲν
510 2385 548 2400 -·-
572 2352 598 2436 δ.
620 2357 658 2422 8:
680 2350 795 2439 ἀνάγκη
818 2351 896 2418 ἐστίν
922 2387 961 2397 -
983 2350 1052 2438 περὶ
1079 2351 1171 2420 αὐτοῦ
1202 2387 1237 2400 -
1272 2351 1316 2418 ὅτι
1346 2351 1403 2438 οὐχ
1432 2389 1473 2404 -·
1500 2337 1534 2440 τε
1564 2353 1628 2440 ὑμῖν
1660 2386 1698 2404 --
1728 2353 1781 2421 καὶ

161 2466 322 2552 Ἀνδοκίδη
344 2505 385 2516 -·
407 2469 427 2552 ἢ
451 2468 668 2536 ἀπαλλακτέον.
711 2471 772 2532 Sed
796 2471 877 2532 baec
899 2470 1071 2550 sufficiant3
1094 2471 1138 2534 sic
1161 2471 1242 2534 enirn
1267 2471 1390 2552 reliqua
1410 2471 1529 2534 talibus
1547 2472 1686 2534 hiatibus
1702 2493 1782 2538 sea-
1884 2511 1888 2518 ·

166 2595 242 2660 tent,
265 2587 379 2668 quibus
404 2588 565 2648 orationes
589 2594 662 2669 post
682 2587 858 2650 leocratenr
880 2588 1017 2670 scriptae
1040 2588 1137 2650 multo
1166 2589 1265 2650 minus
1281 2589 1439 2656 :foedatae
1461 2596 1543 2655 sunt.
1587 2590 1714 2652 Nullum
1746 2590 1779 2652 in

164 2711 275 2768 nostra
297 2705 441 2768 oratione
464 2705 568 2768 hiatus
590 2704 731 2786 fugiendi
754 2705 892 2768 studium
916 2712 973 2777 est,
996 2707 1039 2768 uti
1063 2725 1120 2766 nec
1144 2705 1264 2786 antiqui
1294 2687 1635 2771 oratoresevitarunt.
1666 2707 1779 2790 Neque

164 2824 196 2886 lu
219 2823 331 2886 cadem
353 2825 457 2886 insunt
479 2843 606 2890 errores
630 2823 713 2886 unde
736 2823 942 2886 Ruhnkenius
965 2823 1163 2886 etSluiterus
1179 2823 1350 2904 posteriori
1367 2822 1588 2906 temporinam
1605 2824 1779 2908 assignan-

167 2942 240 3005 dam
272 2942 447 3018 evicerunt,
479 2941 662 3023 optimeque
691 2940 770 3004 dixit
799 2941 840 3003 M.
863 2941 920 3003 Ed.
949 2941 1096 3015 aleier-os,
1126 2939 1205 3004 nihil
1235 2941 1363 3004 omnino
1397 2959 1468 3004 earn
1498 2943 1661 3006 continere
1693 2943 1783 3026 quod

166 3059 306 3141 alioquin
329 3079 400 3124 oum
422 3077 527 3122 rerum
549 3059 702 3122 memoria
723 3076 866 3142 pugnare
893 3058 1039 3122 videatur
1067 3060 1193 3136 (comm.
1217 3058 1268 3128 lll.
1284 3059 1324 3122 de
1352 3077 1398 3124 or.
1416 3079 1441 3122 c.
1456 3059 1557 3125 Alcib.
1574 3083 1604 3144 p.
1627 3059 1682 3142 4.),
1706 3065 1777 3127 Au..

166 3177 296 3242 doeides
319 3177 403 3240 enim
424 3178 472 3238 uti
491 3195 580 3239 suurn
604 3177 733 3241 domurn
754 3170 897 3270 πατρῴαν
919 3177 975 3258 (de
997 3183 1091 3260 myst.
1118 3178 1144 3250 β’
1170 3175 1240 3240 146.
1263 3176 1312 3258 62)
1326 3178 1459 3258 xoptimo
1481 3179 1551 3242 iure
1573 3179 1707 3252 vocavit,
1735 3179 1781 3242 ita

166 3294 354 3358 adversario
376 3295 527 3358 Hermam
551 3293 593 3357 ad
615 3295 851 3358 Phorbanteum
874 3295 1075 3358 constitutum
1091 3294 1261 3356 Andocidis
1281 3292 1432 3380 Hermam
1452 3297 1589 3377 patrium
1612 3295 1778 3378 nominare

165 3411 281 3476 licebat
304 3413 358 3489 (ol.
379 3413 528 3474 Peterson
550 3413 645 3477 Zeits.
665 3413 763 3482 nult.
780 3412 877 3476 Wiss.
903 3409 1145 3495 lantpert),
1169 3420 1201 3474 ut
1221 3411 1373 3476 hocloco
1388 3413 1550 3496 vulgarem
1566 3412 1781 3495 posteriorum

165 3539 344 3612 temporum
366 3529 550 3612 opinionem
573 3547 593 3592 a
620 3529 743 3593 Doride
772 3528 977 3611 divulgatam,
1000 3549 1066 3612 qua
1086 3529 1265 3593 Andocides
1288 3530 1479 3593 Mercurium
1510 3531 1677 3594 dedicasse
1705 3551 1780 3596 cre-

143 3617 310 3723 debatur,
333 3668 397 3710 noo
421 3665 587 3730 agnoscas.
630 3647 741 3728 Neque
765 3647 889 3710 vaureu
908 3655 1066 3730 repugna-t
1088 3655 1197 3710 orator
1220 3647 1273 3729 qui
1288 3647 1485 3711 Andocidem
1507 3633 1779 3731 nunquam'mili-

165 3774 250 3830 tasse
272 3766 369 3829 tradit
391 3764 429 3852 (β.
452 3763 520 3844 46).
563 3767 698 3848 Propter
720 3763 922 3828 nobilitatem
940 3765 1064 3848 generis
1087 3764 1173 3828 bello
1196 3764 1302 3828 Samio
1331 3766 1483 3848 Bergkius
1514 3765 1641 3848 quidem
1665 3769 1780 3834 llubn-
1828 3738 1842 3767 Ἰ

164 3883 292 3948 lenium
312 3893 440 3949 meotes
463 3882 609 3964 (darell.
633 3903 714 3950 conr.
736 3885 797 3946 Att.
819 3903 854 3967 p.
876 3882 927 3968 56)
951 3885 1067 3948 lactum
1091 3903 1162 3946 enm
1186 3857 1257 3946 esse
1280 3890 1463 3966 praetorem
1477 3883 1598 3961 (Sobel.
1613 3885 1706 3950 Arist.
1728 3885 1782 3950 lll.

165 4025 198 4086 p.
219 3995 292 4070 485.
314 4001 433 4081 Diod),
456 4021 567 4064 rursus
588 4000 676 4066 bello
700 4000 882 4085 Corcyraeo
911 4001 961 4066 Ol.
983 4003 1033 4078 86,
1057 4003 1086 4066 2.
1109 4002 1206 4064 luisse
1228 4008 1412 4085 praetorem
1426 3989 1428 3991 ¹
1442 4003 1557 4078 statuit,
1579 4005 1636 4068 sed
1660 4010 1775 4066 orato.-

164 4119 208 4184 rie
229 4131 323 4184 avum
342 4117 514 4202 siguifibari
537 4117 694 4204 'laplorus
715 4119 835 4202 primus
858 4120 1020 4184 contendit
1035 4127 1136 4204 ¹atque
1159 4119 1234 4182 satis
1256 4118 1424 4183 luculentis
1441 4121 1633 4204 argumentis
1647 4120 1775 4202 proba-

164 4237 357 4303 ritMeierus
380 4239 512 4316 (comm.
533 4235 585 4302 lll.
608 4237 648 4302 de
670 4257 720 4304 or.
742 4256 769 4301 o.
790 4237 880 4318 Alo),
903 4238 1000 4300 immo
1020 4237 1347 4302 demonstravitidem
1363 4240 1404 4302 ab
1421 4239 1492 4303 sola
1510 4239 1611 4302 nostri
1642 4241 1778 4302 auctoris

167 4357 331 4420 notatione
345 4357 377 4417 in
393 4355 565 4420 Andocidie
582 4362 686 4419 aetate
702 4353 882 4418 delinienda
899 4356 1168 4438 progrediendum
1186 4364 1216 4419 et
1232 4377 1326 4438 quem
1346 4356 1396 4420 hio
1418 4375 1501 4419 anno
1518 4357 1569 4422 Ol.
1588 4355 1637 4432 94,
1654 4355 1684 4422 3.
1699 4359 1778 4431 sive,

166 4481 199 4538 ut
215 4473 367 4556 'equidem
391 4493 461 4538 cum
486 4473 635 4540 Scheibio
656 4492 753 4558 pono,
776 4491 861 4574 anno
885 4471 937 4540 01.
958 4475 1011 4550 95,
1037 4475 1067 4550 l.
1088 4475 1342 4558 quadragenario
1367 4474 1520 4540 maiorem
1543 4469 1623 4542 dixit
1645 4457 1687 4560 (δ.
1711 4471 1776 4556 46),
